<record><leader>00000cas a2200000 a 4500</leader><controlfield tag="001">8934597</controlfield><controlfield tag="008">821108d18561897iluwr ne      0   a0eng  </controlfield><datafield ind1=" " ind2=" " tag="010"><subfield code="a">sn 82015917 </subfield></datafield><datafield ind1=" " ind2=" " tag="040"><subfield code="a">DLC</subfield><subfield code="b">eng</subfield><subfield code="c">DLC</subfield><subfield code="d">NPX</subfield><subfield code="d">DLC</subfield><subfield code="d">NPU</subfield><subfield code="d">NPV</subfield><subfield code="d">DLC</subfield><subfield code="d">NVF</subfield><subfield code="d">OCL</subfield><subfield code="d">CVF</subfield><subfield code="d">NVF</subfield><subfield code="d">OCLCQ</subfield><subfield code="d">OCLCO</subfield><subfield code="d">OCLCF</subfield></datafield><datafield ind1="1" ind2=" " tag="029"><subfield code="a">AU@</subfield><subfield code="b">000020225513</subfield></datafield><datafield ind1=" " ind2=" " tag="042"><subfield code="a">pcc</subfield></datafield><datafield ind1=" " ind2=" " tag="043"><subfield code="a">n-us-il</subfield></datafield><datafield ind1="0" ind2="0" tag="050"><subfield code="a">Newspaper 7574-X</subfield></datafield><datafield ind1="0" ind2=" " tag="130"><subfield code="a">Waukegan weekly gazette (Waukegan, Ill. : 1856)</subfield></datafield><datafield ind1="1" ind2="4" tag="245"><subfield code="a">The Waukegan weekly gazette.</subfield></datafield><datafield ind1="1" ind2="3" tag="246"><subfield code="a">Waukegan gazette</subfield></datafield><datafield ind1="1" ind2="3" tag="246"><subfield code="a">Waukegan gazette and Lake County Republican</subfield><subfield code="f">&lt;Apr. 8, 1893&gt;</subfield></datafield><datafield ind1=" " ind2=" " tag="260"><subfield code="a">Waukegan, Lake County, Ill. :</subfield><subfield code="b">Nathan C. Geer,</subfield><subfield code="c">1856-1897.</subfield></datafield><datafield ind1=" " ind2=" " tag="300"><subfield code="a">v.</subfield></datafield><datafield ind1=" " ind2=" " tag="310"><subfield code="a">Weekly</subfield></datafield><datafield ind1="0" ind2=" " tag="362"><subfield code="a">Vol. 6, no. 45 (Aug. 9, 1856)-</subfield></datafield><datafield ind1=" " ind2=" " tag="515"><subfield code="a">Issues for Sept. 24, 1864-&lt;Apr. 8, 1893&gt; called also whole no. 729-&lt;2232&gt;</subfield></datafield><datafield ind1=" " ind2="0" tag="651"><subfield code="a">Waukegan (Ill.)</subfield><subfield code="v">Newspapers.</subfield></datafield><datafield ind1=" " ind2="7" tag="655"><subfield code="a">Newspapers.</subfield><subfield code="2">fast</subfield><subfield code="0">(OCoLC)fst01423814</subfield></datafield><datafield ind1=" " ind2="7" tag="651"><subfield code="a">Illinois</subfield><subfield code="z">Waukegan.</subfield><subfield code="2">fast</subfield><subfield code="0">(OCoLC)fst01202708</subfield></datafield><datafield ind1=" " ind2=" " tag="752"><subfield code="a">United States</subfield><subfield code="b">Illinois</subfield><subfield code="c">Lake</subfield><subfield code="d">Waukegan.</subfield></datafield><datafield ind1="0" ind2="0" tag="780"><subfield code="t">Waukegan gazette</subfield><subfield code="w">(DLC)sn 84038684</subfield><subfield code="w">(OCoLC)11445366</subfield></datafield><datafield ind1="0" ind2="5" tag="780"><subfield code="t">Lake County Republican</subfield><subfield code="w">(DLC)sn 94054568</subfield><subfield code="w">(OCoLC)31025679</subfield></datafield><datafield ind1="0" ind2="0" tag="785"><subfield code="t">Lake County register</subfield><subfield code="w">(DLC)sn 94060659</subfield><subfield code="w">(OCoLC)31163323</subfield></datafield></record>